
@book{risken1996fokker,
  title     = {The Fokker-Planck Equation: Methods of Solution and Applications},
  author    = {Risken, H.},
  year      = {1996},
  publisher = {Springer}
}

@article{einstein1905elektrodynamik,
  author  = {Einstein, Albert},
  title   = {Zur Elektrodynamik bewegter Körper},
  journal = {Annalen der Physik},
  volume  = {17},
  pages   = {891--921},
  year    = {1905},
  doi     = {10.1002/andp.19053221004}
}

@book{mumford1983tata,
  title     = {Tata Lectures on Theta I},
  author    = {Mumford, David},
  year      = {1983},
  publisher = {Birkhäuser}
}

@book{deutsch1997fabric,
  title     = {The Fabric of Reality: The Science of Parallel Universes—and Its Implications},
  author    = {Deutsch, David},
  year      = {1997},
  publisher = {Allen Lane, The Penguin Press},
  isbn      = {978-0-7139-9061-7}
}
