@article{Jaros2025a,
  author    = {David Jaro≈°},
  title     = {A Complex-Time Theory of Consciousness: Drift, Diffusion, and Phase Collapse in Toroidal Cognitive Space},
  year      = {2025},
  journal   = {OSF Preprint},
  url       = {https://osf.io},
}

@book{Conway,
  author    = {John B. Conway},
  title     = {Functions of One Complex Variable},
  publisher = {Springer},
  year      = {n.d.},
}

@book{Peskin1995,
  author    = {Michael E. Peskin and Daniel V. Schroeder},
  title     = {An Introduction to Quantum Field Theory},
  publisher = {Addison-Wesley},
  year      = {1995},
}

@book{Penrose2004,
  author    = {Roger Penrose},
  title     = {The Road to Reality},
  publisher = {Jonathan Cape},
  year      = {2004},
}

@misc{Ref4,
  note = {Barbour, J. (1999). \textit{The End of Time: The Next Revolution in Physics}.
  \item Rovelli, C. (2004). \textit{Quantum Gravity}. Cambridge University Press.
  \item Kiefer, C. (2012). \textit{Quantum Gravity}. Oxford University Press.
  \item Bousso, R. (2002). \textit{The Holographic Principle}. Rev. Mod. Phys.},
}

@misc{Ref5,
  note = {OSF.io (Open Science Framework): \url{https://osf.io}
  \item arXiv.org: \url{https://arxiv.org}
  \item GitHub Repository (Unified Biquaternion Theory): \url{https://github.com/yourprofile/unified-biquaternion-theory}},
}